@Book{Matsumura1986,
  author    = {Matsumura, H.},
  publisher = {Cambridge Univ. Press},
  title     = {Commutative ring theory},
  year      = {1986},
  address   = {Cambridge},
  isbn      = {0521259169},
  note      = {Aus dem Japan. übers},
  number    = {8},
  series    = {@Cambridge studies in advanced mathematics},
  pagetotal = {XIII, 320},
  ppn_gvk   = {025309110},
}

@Book{Diamond2007,
  author    = {Diamond, F. and Shurman, J.},
  publisher = {Springer},
  title     = {A First Course in Modular Forms (Graduate Texts in Mathematics)},
  year      = {2007},
  isbn      = {9780387232294},
  pages     = {451},
}

@Article{darmon1995fermat,
  author    = {Darmon, H. and Diamond, F. and Taylor, R.},
  journal   = {Current developments in mathematics},
  title     = {Fermat’s last theorem},
  year      = {1995},
  number    = {1},
  pages     = {1--154},
  volume    = {1995},
  publisher = {International Press of Boston},
}

@Book{Atiyah1969,
  author    = {Atiyah, M. F. and MacDonald, I. G.},
  publisher = {Addison Wesley Publishing Company},
  title     = {Introduction to Commutative Algebra},
  year      = {1969},
  isbn      = {978-0-201-40751-8},
  biburl    = {https://www.bibsonomy.org/bibtex/2a7b636999c414bd394e0f05c655755c7/dblp},
  keywords  = {dblp},
  pages     = {I-IX, 1-128},
}

@Book{Hartshorne1977,
  author    = {Hartshorne, R.},
  publisher = {Springer},
  title     = {Algebraic geometry},
  year      = {1977},
  isbn      = {978-3-540-90244-7},
  series    = {Graduate texts in mathematics},
  volume    = {52},
  bibsource = {dblp computer science bibliography, https://dblp.org},
  biburl    = {https://dblp.org/rec/books/daglib/0091071.bib},
  doi       = {10.1007/978-1-4757-3849-0},
}

@Comment{jabref-meta: databaseType:bibtex;}
