@Book{Matsumura1986,
  author    = {Matsumura, H.},
  publisher = {Cambridge Univ. Press},
  title     = {Commutative ring theory},
  year      = {1986},
  address   = {Cambridge},
  isbn      = {0521259169},
  number    = {8},
  series    = {@Cambridge studies in advanced mathematics},
  pagetotal = {XIII, 320},
  ppn_gvk   = {025309110},
}

@Book{Diamond2007,
  author    = {Diamond, F. and Shurman, J.},
  publisher = {Springer},
  title     = {A {F}irst {C}ourse in {M}odular {F}orms},
  year      = {2007},
  isbn      = {9780387232294},
  pages     = {451},
}

@Article{Darmon1995,
  author    = {Darmon, H. and Diamond, F. and Taylor, R.},
  journal   = {Current developments in mathematics},
  title     = {Fermat's last theorem},
  year      = {1995},
  number    = {1},
  pages     = {1--154},
  volume    = {1995},
  publisher = {International Press of Boston},
}

@Book{Atiyah1969,
  author    = {Atiyah, M. F. and MacDonald, I. G.},
  publisher = {Addison Wesley Publishing Company},
  title     = {Introduction to {C}ommutative {A}lgebra},
  year      = {1969},
  isbn      = {978-0-201-40751-8},
  biburl    = {https://www.bibsonomy.org/bibtex/2a7b636999c414bd394e0f05c655755c7/dblp},
  keywords  = {dblp},
  pages     = {I-IX, 1-128},
}

@Book{Hartshorne1977,
  author    = {Hartshorne, R.},
  publisher = {Springer},
  title     = {Algebraic geometry},
  year      = {1977},
  isbn      = {978-3-540-90244-7},
  series    = {Graduate texts in mathematics},
  volume    = {52},
  bibsource = {dblp computer science bibliography, https://dblp.org},
  biburl    = {https://dblp.org/rec/books/daglib/0091071.bib},
  doi       = {10.1007/978-1-4757-3849-0},
}

@Misc{stacks-project,
  author       = {The {Stacks project authors}},
  howpublished = {\url{https://stacks.math.columbia.edu}},
  title        = {The Stacks project},
  year         = {2022},
}

@Book{Cornell1997,
  author    = {Cornell, Gary and Silverman, Joseph H. and Stevens, Glenn},
  publisher = {Springer New York},
  title     = {Modular {F}orms and Fermat's {L}ast {T}heorem},
  year      = {1997},
  address   = {New York, NY},
  isbn      = {9781461219743},
  pagetotal = {I-XIX, 1-582},
  ppn_gvk   = {775345598},
  url       = {http://dx.doi.org/10.1007/978-1-4612-1974-3},
}

@Book{Bruns1998,
  author     = {Bruns, Winfried and Herzog, H. JÃ¼rgen},
  publisher  = {Cambridge University Press},
  title      = {Cohen-Macaulay {R}ings},
  year       = {1998},
  edition    = {Second},
  series     = {Cambridge Studies in Advanced Mathematics},
  collection = {Cambridge Studies in Advanced Mathematics},
  doi        = {10.1017/CBO9780511608681},
  place      = {Cambridge},
}

@Book{Bourbaki1989,
  author    = {Nicolas Bourbaki},
  publisher = {Springer-Verlag},
  title     = {Commutative algebra},
  year      = {1989},
  address   = {Berlin},
  isbn      = {0387193715},
  note      = {Includes bibliographical references (p. 603-606) and indexes},
  series    = {Elements of mathematics},
  pages     = {625},
  pagetotal = {xxiv, 625 p},
  ppn_gvk   = {741764326},
  subtitle  = {Chapters 1-7},
}

@Comment{jabref-meta: databaseType:bibtex;}
